@misc{radanne2019kindly,
    title={Kindly Bent to Free Us},
    author={Gabriel Radanne and Hannes Saffrich and Peter Thiemann},
    year={2019},
    eprint={1908.09681},
    archivePrefix={arXiv},
    primaryClass={cs.PL}
}
